%% This BibTeX bibliography file was created using BibDesk.
%% http://bibdesk.sourceforge.net/


%% Created for Kao, Lien-Yung at 2018-04-12 21:27:02 -0500 


%% Saved with string encoding Unicode (UTF-8) 



@article{Knieper:1998ht,
	Author = {Knieper, Gerhard},
	Date-Added = {2018-04-13 02:26:46 +0000},
	Date-Modified = {2018-04-13 02:26:46 +0000},
	Doi = {10.2307/120995},
	Fjournal = {Annals of Mathematics. Second Series},
	Issn = {0003-486X},
	Journal = {Ann. of Math. (2)},
	Mrclass = {37C40 (37B40 37D40 53D25)},
	Mrnumber = {1652924},
	Mrreviewer = {Vadim A. Ka\u\i manovich},
	Number = {1},
	Pages = {291--314},
	Title = {The uniqueness of the measure of maximal entropy for geodesic flows on rank {$1$} manifolds},
	Url = {https://doi.org/10.2307/120995},
	Volume = {148},
	Year = {1998},
	Bdsk-Url-1 = {https://doi.org/10.2307/120995}}

@booklet{Walters:2000vc,
	Author = {Walters, Peter},
	Date-Added = {2018-04-13 01:37:21 +0000},
	Date-Modified = {2018-04-13 01:37:21 +0000},
	Isbn = {0-387-90599-5},
	Mrclass = {28Dxx (54H20 58F11)},
	Mrnumber = {648108},
	Mrreviewer = {M. A. Akcoglu},
	Pages = {ix+250},
	Publisher = {Springer-Verlag, New York-Berlin},
	Series = {Graduate Texts in Mathematics},
	Title = {An introduction to ergodic theory},
	Volume = {79},
	Year = {1982}}

@article{Amroun:2016uw,
	Annote = {9 pages},
	Author = {Amroun, Abdelhamid},
	Date-Added = {2018-04-12 05:57:39 +0000},
	Date-Modified = {2018-04-12 05:57:39 +0000},
	Eprint = {1606.07771v1},
	Eprintclass = {math.DS},
	Eprinttype = {arxiv},
	Journal = {arXiv.org},
	Month = jun,
	Title = {{On the number of periodic geodesics in rank 1 surfaces}},
	Year = {2016}}

@article{Climenhaga:2016ut,
	Author = {Climenhaga, Vaughn and Thompson, Daniel J.},
	Date-Added = {2018-04-12 02:27:37 +0000},
	Date-Modified = {2018-04-12 02:27:37 +0000},
	Fjournal = {Advances in Mathematics},
	Issn = {0001-8708},
	Journal = {Adv. Math.},
	Mrclass = {37D35},
	Mrnumber = {3552538},
	Mrreviewer = {Mike Todd},
	Pages = {745--799},
	Title = {Unique equilibrium states for flows and homeomorphisms with non-uniform structure},
	Url = {https://doi.org/10.1016/j.aim.2016.07.029},
	Volume = {303},
	Year = {2016},
	Bdsk-Url-1 = {https://doi.org/10.1016/j.aim.2016.07.029}}

@article{Gelfert:2014hn,
	Author = {Gelfert, Katrin and Schapira, Barbara},
	Date-Added = {2018-04-11 15:56:06 +0000},
	Date-Modified = {2018-04-11 15:56:06 +0000},
	Doi = {10.1088/0951-7715/27/7/1575},
	Fjournal = {Nonlinearity},
	Issn = {0951-7715},
	Journal = {Nonlinearity},
	Mrclass = {37D25 (28D20 37C45 37D35 37D40 53D25)},
	Mrnumber = {3225873},
	Mrreviewer = {Demetris P. K. Ghikas},
	Number = {7},
	Pages = {1575--1594},
	Title = {Pressures for geodesic flows of rank one manifolds},
	Url = {https://doi.org/10.1088/0951-7715/27/7/1575},
	Volume = {27},
	Year = {2014},
	Bdsk-Url-1 = {https://doi.org/10.1088/0951-7715/27/7/1575}}

@article{Pollicott:1996jq,
	Author = {Pollicott, Mark},
	Date-Added = {2018-04-11 15:56:05 +0000},
	Date-Modified = {2018-04-11 15:56:05 +0000},
	Doi = {10.3934/dcds.1996.2.153},
	Fjournal = {Discrete and Continuous Dynamical Systems},
	Issn = {1078-0947},
	Journal = {Discrete Contin. Dynam. Systems},
	Mrclass = {58F17 (58F11 58F20)},
	Mrnumber = {1382503},
	Mrreviewer = {Viviane Baladi},
	Number = {2},
	Pages = {153--161},
	Title = {Closed geodesic distribution for manifolds of non-positive curvature},
	Url = {https://doi.org/10.3934/dcds.1996.2.153},
	Volume = {2},
	Year = {1996},
	Bdsk-Url-1 = {https://doi.org/10.3934/dcds.1996.2.153}}

@article{Gelfert:2017tx,
	Author = {Gelfert, Katrin and Ruggiero, Rafael O},
	Date-Added = {2018-02-12 22:54:38 +0000},
	Date-Modified = {2018-02-12 22:56:56 +0000},
	Eprint = {1703.07455v1},
	Eprintclass = {math.DS},
	Eprinttype = {arxiv},
	Journal = {to appear in: Proc. Edinburgh Math. Soc.},
	Month = mar,
	Title = {{Geodesic flows modeled by expansive flows}},
	Year = {2017}}

@article{Hurley:1986km,
	Author = {Hurley, Donal},
	Date-Added = {2018-02-06 21:15:03 +0000},
	Date-Modified = {2018-02-06 21:15:03 +0000},
	Fjournal = {Proceedings of the Royal Irish Academy. Section A. Mathematical and Physical Sciences},
	Issn = {0035-8975},
	Journal = {Proc. Roy. Irish Acad. Sect. A},
	Mrclass = {58F17 (58F11)},
	Mrnumber = {865098},
	Mrreviewer = {Midori Goto},
	Number = {1},
	Pages = {19--30},
	Title = {Ergodicity of the geodesic flow on rank one manifolds without focal points},
	Volume = {86},
	Year = {1986}}

@article{BCFT2017,
	Author = {Burns, Keith and Climenhaga, Vaughn and Fisher, Todd and Thompson, Daniel J},
	Date-Modified = {2018-02-06 21:15:22 +0000},
	Eprint = {1703.10878v1},
	Eprintclass = {math.DS},
	Eprinttype = {arxiv},
	Journal = {arXiv.org},
	Month = mar,
	Title = {{Unique equilibrium states for geodesic flows in nonpositive curvature}},
	Year = {2017}}
